@article{craig2004quantum,
  title={Quantum statistics and classical mechanics: Real time correlation functions from ring polymer molecular dynamics},
  author={Craig, Ian R and Manolopoulos, David E},
  journal={The Journal of chemical physics},
  volume={121},
  number={8},
  pages={3368--3373},
  year={2004},
  publisher={AIP}
}